@book{diamandis2015bold,
	title={Bold: How to Go Big, Create Wealth and Impact the World},
	author={Diamandis, P.H. and Kotler, S.},
	isbn={9781476709567},
	url={https://books.google.com/books?id=70trBgAAQBAJ},
	year={2015},
	publisher={Simon \& Schuster}
}
