% This file was created with JabRef 2.9.2.
% Encoding: UTF8

@MISC{cvx,
  author = {Michael Grant and Stephen Boyd},
  title = {{CVX}: Matlab Software for Disciplined Convex Programming, version
	2.0 beta},
  howpublished = {\url{http://cvxr.com/cvx}},
  month = sep,
  year = {2013}
}

@ARTICLE{sequence,
  author = {Quevedo, D.E. and Gupta, V.},
  title = {Sequence-Based Anytime Control},
  journal = IEEE_J_AC,
  year = {2013},
  volume = {58},
  pages = {377-390},
  number = {2},
  month = {Feb},
}

@INCOLLECTION{cvx2,
  author = {Grant, M and Boyd, S},
  title = {Graph implementations for nonsmooth convex programs},
  booktitle = {Recent Advances in Learning and Control},
  publisher = {Springer-Verlag},
  year = {2008},
  pages = {95-110},
}

@INCOLLECTION{fontanelli,
  author = {Fontanelli, Daniele and Greco, Luca and Bicchi, Antonio},
  title = {Anytime Control Algorithms for Embedded Real-Time Systems},
  booktitle = {Hybrid Systems: Computation and Control},
  publisher = {Springer},
  year = {2008},
  pages = {158-171},
}

@MISC{invset,
  author = {Eric C. Kerrigan},
  title = {Matlab invariant set toolbox, version 0.10.5},
  howpublished = {\url{http://www-control.eng.cam.ac.uk/eck21/matlab/invsetbox/}},
  month = {Apr},
  year = {2005}
}

@INPROCEEDINGS{richardsetal05rmp,
  author = {Richards, Arthur and How, Jonathan},
  title = {Robust model predictive control with imperfect information},
  booktitle = {American Control Conference},
  year = {2005},
  pages = {268--273}
}

@ARTICLE{balas,
  author = {Bhattacharya, Raktim and Balas, Gary J},
  title = {Anytime Control Algorithm: Model Reduction Approach},
  journal = {Journal of Guidance and Control},
  year = {2004},
  volume = {27},
  pages = {767--776},
  number = {5}
}

@ARTICLE{chiscietal01swp,
  author = {Chisci, Luigi and Rossiter, J Anthony and Zappa, Giovanni},
  title = {Systems with persistent disturbances: predictive control with restricted
	constraints},
  journal = {Automatica},
  year = {2001},
  volume = {37},
  pages = {1019--1028},
  number = {7},
  publisher = {Elsevier}
}

@PHDTHESIS{kerrigan00rcs,
  author = {Eric C. Kerrigan},
  title = {Robust Constraint Satisfaction: Invariant Sets and Predictive Control},
  school = {University of Cambridge},
  year = {2000}
}

@ARTICLE{setcomp,
  author = {Kolmanovsky, Ilya and Gilbert, Elmer G },
  title = {Theory and Computation of Disturbance Invariant Sets for Discrete-Time
	Linear Systems},
  journal = {Mathematical Problems in Engineering},
  year = {1998},
  volume = {4},
  pages = {317--367}
}


% Anytime Algorithms


 @article{horvitz,
 author = {E. J. Horvitz and H. J. Suermondt and G. F. Cooper},
 title = {{Bounded Conditioning: Flexible inference for decision under scarce resources}},
 journal = {Workshop on Uncertainty in AI},
 year = {1989}
 }

@article{wellman,
 author = {Wellman, M.P. and Liu, C. L.},
 title = {{State-Space Abstraction for Anytime Evaluation of Probabilistic Networks}},
 journal = {Conf. on Uncertainty in AI},
 year = {1994}
 }

 @article{zilberstein,
 author = {Zilberstein, S. and Russel, S.J},
 title = {{Anytime sensing, planning and action: A Practical model for robot control}},
 journal = {Joint Conf. on AI},
 pages = {1402--1407},
 year = {1993}
 }

@book{planningalgorithms,
  title={Planning algorithms},
  author={LaValle, Steven Michael},
  year={2006},
  publisher={Cambridge university press}
}

 @article{maxim,
 author = {Likhachev, M. and Ferguson, D. and Gordon, G. and Stentz, A. and Thrun, S.},
 title = {{Anytime Search in Dynamic Graphs}},
 journal = {Artif. Intell.},
 volume = {172},
 number = {14},
 pages = {1613--1643},
 year = {2008}
 }

@inproceedings{RTSSanytime,
author = {R. Mangharam and A. Saba},
title = {{Anytime Algorithms for GPU Architectures}},
booktitle = {Proc. of the IEEE Real-Time Systems Symposium},
year = {2011}
}


