% This file was created with JabRef 2.6.
% Encoding: Cp1252
@article {KaramanF11_LTLrouting,
author = {Karaman, S. and Frazzoli, E.},
title = {Linear temporal logic vehicle routing with applications to multi-UAV mission planning},
journal = {International Journal of Robust and Nonlinear Control},
volume = {21},
number = {12},
publisher = {John Wiley & Sons, Ltd.},
issn = {1099-1239},
url = {http://dx.doi.org/10.1002/rnc.1715},
doi = {10.1002/rnc.1715},
pages = {1372--1395},
keywords = {vehicle routing, linear temporal logic, mixed-integer linear programming, UAV mission planning},
year = {2011},
}


 @UNPUBLISHED{PantAM17_SmoothOpTechRpt,
 	author = {Pant, Y. V. and Abbas, H. and Mangharam, R.},
 	title = {Technical Report: Control Using the Smooth Robustness of Temporal Logic},
 	year = {2017},
 	url = "http://repository.upenn.edu/mlab_papers/98/",
 	note = {University of Pennsylvania Scholarly Commons}
 	
 }
 
 @article{DeVore_1998, 
 	place={Cambridge, UK}, title={Nonlinear approximation},
 	volume={7},
 	DOI={10.1017/S0962492900002816}, 
 	journal={Acta Numerica}, publisher={Cambridge University Press}, author={DeVore, Ronald A.}, year={1998}, month={Jan}, pages={51â€“150}
 	}
 
@inproceedings{Ouaknine08_RecentResultsMTL,
	author = {Ouaknine, Jo\"{e}l and Worrell, James},
	title = {Some Recent Results in Metric Temporal Logic},
	booktitle = {Proceedings of the 6th International Conference on Formal Modeling and Analysis of Timed Systems},
	series = {FORMATS '08},
	year = {2008},	
} 

@inproceedings{Belta_FE_CDC16,
	author = {Sadraddini, Sadra and Belta, Calin},
	title = {Feasibility Envelopes for Metric Temporal Logic Specifications},
	booktitle = {Proceedings of the 55th IEEE Conference on Decision and Control},
	series = {CDC '16},
	year = {2016},	
} 



@InProceedings{Valenzuela15,
	author    = {Vermehren Valenzuela, Victor and de Oliveira, H. M.},
	title     = {Close expressions for Meyer Wavelet and Scale Function},
	year      = {2015},
	note = {Arxiv 1502.00161}
}

@InProceedings{Max_ICRAT16,
  author    = {Li, M. Z. and Ryerson, M. S.},
  title     = {Modeling and Estimating Airspace Movements Using Air Traffic Control Transcription Data, A Data-Driven Approach. },
  booktitle = {International Conference on Research in Air Transportation},
  year      = {2016},
}


@Inbook{SA_book,
	author="Yang, X.",
	title="Engineering Optimization: An Introduction with Metaheuristic Applications",
	year="2010",
	publisher="Wiley",
}


@InProceedings{JohnsonICCPS12,
  author    = {Johnson, T. T. and Mitra, S.},
  title     = {Parametrized Verification of Distributed Cyber-Physical Systems: An Aircraft Landing Protocol Case Study},
  booktitle = {ICCPS},
  year      = {2012},
}


@InProceedings{VanSchijndel2005,
  author    = {Van Schijndel, A},
  title     = {Integrated heat, air and moisture modeling and simulation in hamlab},
  booktitle = {IEA Annex 41 working meeting},
  year      = {2005},
}

@InProceedings{Jain2016,
  author       = {Jain, A. and Behl, M. and Mangharam, R.},
  title        = {Data Predictive Control for building energy management},
  booktitle    = {American Control Conference},
  year         = {2017},
}


@INPROCEEDINGS{PantAMNDM15_Anytime, 
	author={Y. V. Pant and K. Mohta and H. Abbas and T. X. Nghiem and J. Devietti and R. Mangharam}, 
	booktitle={RTSS}, 
	title={Co-design of Anytime Computation and Robust Control}, 
	year={2015}, 
	doi={10.1109/RTSS.2015.12}, 
	ISSN={1052-8725}, 
	}


@article{Heping04_HyperbolicWav,
	title = "Representation and approximation of multivariate functions with mixed smoothness by hyperbolic wavelets",
	journal = "Journal of Mathematical Analysis and Applications",
	volume = "291",
	number = "2",
	pages = "698 - 715",
	year = "2004",
	note = "",
	issn = "0022-247X",
	doi = "http://dx.doi.org/10.1016/j.jmaa.2003.11.023",
	url = "http://www.sciencedirect.com/science/article/pii/S0022247X03008643",
	author = "Wang, H.",
	keywords = "Hyperbolic wavelets",
	keywords = "Functions with mixed smoothness",
	keywords = "Decomposition of functions",
	keywords = "Best approximation",
	abstract = "In this paper, we study the representation theorems of multivariate functions with mixed smoothness by wavelet basis formed by tensor products of univariate wavelets, we also study the best approximation in the Lq(Rd) metric for some function classes with mixed smoothness by hyperbolic wavelets and obtain some asymptotic estimates of approximating order."
}

@Inbook{Donze2010,
	author="Donz{\'e}, A.
	and Maler, O.",
	title="Robust Satisfaction of Temporal Logic over Real-Valued Signals",
	bookTitle="Formal Modeling and Analysis of Timed Systems: 8th International Conference, FORMATS 2010, Klosterneuburg, Austria, September 8-10, 2010. Proceedings",
	year="2010",
	publisher="Springer Berlin Heidelberg"	
}



@INPROCEEDINGS{Fainekos12_Automotive, 
	author={G. E. Fainekos and S. Sankaranarayanan and K. Ueda and H. Yazarel}, 
	booktitle={2012 American Control Conference (ACC)}, 
	title={Verification of automotive control applications using S-TaLiRo}, 
	year={2012}, 
	pages={3567-3572}, 
	keywords={automobiles;control engineering computing;dynamic programming;robust control;search problems;stochastic processes;temporal logic;S-TaLiRo;automotive control applications;automotive functional requirements;dynamic programming algorithm;real-time temporal logic specifications;robustness;software toolbox;stochastic search;system trajectories;Dynamic programming;Gears;Heuristic algorithms;Measurement;Optimization;Robustness;Trajectory}, 
	doi={10.1109/ACC.2012.6315384}, 
	ISSN={0743-1619}, 
	month={June},
}

@inproceedings{Dreossi15_RRTFalsification,
	title  = {A Trajectory Splicing Approach to Concretizing Counterexamples for Hybrid Systems},
	author = {T. Dreossi and T. Dang and A. Donze and J. Kapinski and X. Jin and J. V. Deshmukh },
	booktitle = {NASA Symposium on Formal Methods},
	year      = {2015},
}
 
@inproceedings{zutshi_trajectory_2013,
	title  = {A Trajectory Splicing Approach to Concretizing Counterexamples for Hybrid Systems},
	author = {Zutshi, A. and Sankaranarayanan, S. and Deshmukh and, J. V. and Kapinski, J.},
	booktitle = {Proc. of IEEE Conference on Decision and Control},
	year      = {2013},
}

@INPROCEEDINGS{Deshmukh15_IterativeApproaches, 
	author={J. Deshmukh and G. Fainekos and J. Kapinski and S. Sankaranarayanan and A. Zutshi and Xiaoqing Jin}, 
	booktitle={American Control Conference}, 
	title={Beyond single shooting: Iterative approaches to falsification}, 
	year={2015}, 
	keywords={iterative methods;search problems;simulation;stochastic processes;central problem;formal analysis;hybrid systems;iterative approaches;model-based designs;property violations;robustness-guided stochastic search;simulation-based falsification techniques;simulation-explosion;systems switching conditions;trajectory splicing;Iterative methods;Robustness;Search problems;Splicing;Stochastic processes;Switches;Trajectory}, 
	doi={10.1109/ACC.2015.7171971}, 
	ISSN={0743-1619}, 
	month={July},
}

@INPROCEEDINGS{Abbas14_MTLDescent, 
	author={H. Abbas and A. Winn and G. Fainekos and A. A. Julius}, 
	booktitle={American Control Conference}, 
	title={Functional gradient descent method for Metric Temporal Logic specifications}, 
	year={2014}, 
	keywords={gradient methods;nonlinear dynamical systems;optimisation;temporal logic;MTL robust semantics;MTL specifications;descent direction;functional gradient descent method;metric temporal logic specifications;nonlinear dynamical system;optimization problem;state requirements;timing requirements;Insulin;Optimal control;Optimization;Robustness;Schedules;Sugar;Trajectory;Nonlinear systems;Optimal control;Optimization}, 
	doi={10.1109/ACC.2014.6859453}, 
	ISSN={0743-1619}, 
	month={June},
}

@INPROCEEDINGS{Raman14_MPCSTL, 
	author={V. Raman and A. Donze and M. Maasoumy and R. M. Murray and A. Sangiovanni-Vincentelli and S. A. Seshia}, 
	booktitle={53rd IEEE Conference on Decision and Control}, 
	title={Model predictive control with signal temporal logic specifications}, 
	year={2014}, 
	pages={81-87}, 
	keywords={integer programming;mathematical programming;predictive control;temporal logic;STL specifications;building energy;climate control;discrete time cyber physical systems;mathematical programming based method;mixed integer-linear constraints;model predictive control;optimization problem;signal temporal logic;signal temporal logic specifications;Cost function;Encoding;Optimal control;Predictive control;Robustness;Semantics;Trajectory}, 
	doi={10.1109/CDC.2014.7039363}, 
	ISSN={0191-2216}, 
	month={Dec},
}

@inproceedings{Dokhanchi14_OnlineMonitoring,
	author = {Dokhanchi, A. and Hoxha, B. and Fainekos, G.},
	title = {Online Monitoring for Temporal Logic Robustness},
	booktitle = {Proc. of Runtime Verification},
	year = {2014},
} 

@book{MallatBook,
	Author = {Mallat, S. G.},
	Publisher = {Academic Press},
	Title = {A Wavelet Tour of Signal Processing, Third Edition: The Sparse Way},
	Year = {2008}}

@ARTICLE{Cortes08_Discontinuous, 
	author={J. Cortes}, 
	journal={IEEE Control Systems}, 
	title={Discontinuous dynamical systems}, 
	year={2008}, 
	volume={28}, 
	number={3}, 
	pages={36-73}, 
	keywords={Lyapunov methods;asymptotic stability;differential equations;gradient methods;sampled data systems;Lipschitzness property;candidate Lyapunov function;discontinuous dynamical system;gradient information;non smooth analysis;nonsmooth asymptotic stability tool;ordinary differential equation;Adaptive control;Control systems;Cooling;Open loop systems;Optimal control;Robots;Sliding mode control;State-space methods;Switches;Temperature control}, 
	doi={10.1109/MCS.2008.919306}, 
	ISSN={1066-033X}, 
	month={June},
	}


@book{Polak97_Optim,
	author = {Polak, E.},
	title = {Optimization: Algorithms and Consistent Approximations},
	year = {1997},
	isbn = {0-387-94971-2},
	publisher = {Springer-Verlag New York, Inc.},
	address = {New York, NY, USA},
} 
