@article{gallagher2002ground,
	title={A ground truth based vanishing point detection algorithm},
	author={Gallagher, Andrew C},
	journal={Pattern Recognition},
	volume={35},
	number={7},
	pages={1527--1543},
	year={2002},
	publisher={Elsevier}
}

@misc {racecar_mit,
	title  = {{RACECAR}},
	author = "{MIT IAP class}",
	url   = "http://sertac.scripts.mit.edu/racecar",
	year = "2015"
}

@misc {opencv,
	title  = {{OpenCV}},
	author = "{Itseez}",
	url   = "www.opencv.org",
	year = "2015"
}

@misc {ros,
	title  = {{ROS}},
	author = "{The Open Source Robotics Foundation}",
	url   = "www.ros.org",
	year = "2015"
}

 @article{Lahiri,
 author = {Lahiri, K. and Raghunathan, A. and Dey, S. and Panigrahi, D.},
 title = {Battery-Driven System Design: A New Frontier in Low Power Design},
 journal = {VLSI Design},
 year = {2002}
 }
 
 @article{VP1,
 author = {Vasallo, R. F. and Schneebeli, H. J. and Santos-Victor, J.},
 title = {Visual Navigation: Combining visual servoing and appearance based methods},
 journal = {6th Intl. Symp. on Intelligent Robotic Systems},
 year = {1998}
 }
 
 @article{VP2,
 author = {Faragasso, A. and Oriolo, G. and Paollilo, A. and Vendittelli, M.},
 title = {Vision-Based Corridor Navigation for Humanoid Robots},
 journal = {IEEE International Conference on Robotics and Automation},
 year = {2013}
 }
 
  
 @article{VP3,
 author = {Toibero, J. M. and Soria, C. M. and Roberti, F. and Carelli, R. and Fiorini, P.},
 title = {{Switching Visual Servoing Approach for Stable Corridor
Navigation}},
 journal = {IEEE International Conference on Advanced Robotics},
 year = {2009}
 }

 @article{RTSS15,
 author = {Pant, Y. V. and Abbas, H. and Mohta, K. and Nghiem, T. X. and Devietti, J. and Mangharam, R.},
 title = {{Co-design of Anytime Computation and Robust Control}},
 journal = {To be published, Proc. of Real Time Systems Symposium},
 year = {2015}
 }



