% Anytime Algorithms
@article{boddy,
 author = {Boddy, M. and Dean, T.L.},
 title = {{Solving Time-dependent Planning Problems}},
 journal = {Joint Conf. on AI},
 pages = {979--984},
 year = {1989}
 }
 
 %pages = {182--193},
 @article{horvitz,
 author = {E. J. Horvitz and H. J. Suermondt and G. F. Cooper},
 title = {{Bounded Conditioning: Flexible inference for decision under scarce resources}},
 journal = {Workshop on Uncertainty in AI},
 year = {1989}
 }
 
 @article{pos,
 author = {Pos, A.},
 title = {{Time-Constrained Model-Based Diagnosis}},
 journal = {Master Thesis, Dept. of Computer Science, U. of Twente},
 year = {1993}
 }

 @article{wellman,
 author = {Wellman, M.P. and Liu, C. L.},
 title = {{State-Space Abstraction for Anytime Evaluation of Probabilistic Networks}},
 journal = {Conf. on Uncertainty in AI},
 year = {1994}
 }

 @article{zilberstein,
 author = {Zilberstein, S. and Russel, S.J},
 title = {{Anytime sensing, planning and action: A Practical model for robot control}},
 journal = {Joint Conf. on AI},
 pages = {1402--1407},
 year = {1993}
 }

@MISC{planningalgorithms,
    author = {S. M LaValle},
    title = {Planning Algorithms},
    year = {2004}
}
 
 @article{maxim,
 author = {Likhachev, M. and Ferguson, D. and Gordon, G. and Stentz, A. and Thrun, S.},
 title = {{Anytime Search in Dynamic Graphs}},
 journal = {Artif. Intell.},
 volume = {172},
 number = {14},
 pages = {1613--1643},
 year = {2008}
 }
 
@article{anytimedb,
    author = {J. Grass and S. Zilberstein and E. Moss},
    title = {{Anytime Database Algorithms}},
    journal = {U. Amherst, Tech. Report.},
    year = {1995}
}
 
 % GPU and CUDA
@article{skadron,
 author = {M. Guevara and C. Gregg and K. Hazelwood and K. Skadron},
 title = {{Enabling Task Parallelism in the CUDA Scheduler}},
 journal = {Workshop on Programming Models for Emerging Architectures},
 year = {2009}
 }

@article{opencl,
 author = {A. Munshi},
 title = {{OpenCL - Beyond Programmable Shading Course}},
 journal = {SIGGRAPH},
 year = {2008}
 }

@article{cuda1,
 author = {NVIDIA},
 title = {{CUDA Programming Guide 2.1}},
 year = {2008}
 }
 
@article{cuda2,
 author = {E. Lindholm and J. Nickolls and S. Oberman and J. Montrym},
 title = "{NVIDIA Tesla: A Unified Graphics and Computing Architecture}",
 journal = {IEEE Micro},
 year = {2008}
 }
 
@article{cuda3,
 author = {S. Che and et. al.},
 title = {{A performance study of general-purpose applications on graphics processors using CUDA}},
 journal = {J. Parallel and Distributed Comp.},
 volume = {68},
 number = {10},
 pages = {1370--1380},
 year = {2008}
 }

@misc{cuda4,
author = {Nickolls, J. and Buck, I. and Garland, M.},
booktitle = {Queue},
file = {::},
number = {April},
title = {{Scalable Parallel Programing with CUDA}},
year = {2008}
}

@misc {nvidia_fermi,
  title  = {{NVIDIA to EDA: Give us power tools }},
  author = "{EETimes}",
  url   = "http://www.eetimes.com/rss/showArticle.jhtml?articleID=218900011",
  year = "2009"
}

@inproceedings{Ryoo,
author = {Ryoo, S.},
file = {::},
title = {{Program Optimization Space Pruning for a Mulltithreaded GPU}}
}

% RT - Imprecise computation and QRAM
@article{qram,
 author = {R. Rajkumar and C. Lee and J. Lehoczky and D. Siewiorek},
 title = {{A Resource Allocation Model for QoS Mgmt.}},
 journal = {IEEE RTSS},
 year = {1997}
 }


@article{anytimert,
 author = {Liu, J. W. S. and et. al.},
 title = {{Algorithms for Scheduling Imprecise Computations}},
 journal = {Computer},
 volume = {24},
 number = {5},
 pages = {58--68},
 year = {1991}
 }
 
@article{imprecise,
	author = "J. Y-T. Leung",
	title = "{A Survey of Scheduling Results for Imprecise Computation Tasks}",
	booktitle = {Imprecise and Approximate Computation},
	publisher = "Springer",
	year = 1995
}


@inproceedings{flex,
author = {Lin, K-J. and Natarajan, S.},
booktitle = {Proc. Ninth IEEE Real-Time Systems Symp}, 
pages = {96--105},
title = {{Expressing and Maintaining Timing Constraints in Flex}},
year = {1988}
}

@article{overbook,
author = {de Niz, D. and Wrage, L. and Storer, N. and Rowe, A. and Rajukar, R.},
title = {{On Resource Overbooking in an Unmanned Aerial Vehicle}},
journal = {IEEE/ACM Third International Conference on Cyber-Physical Systems},
year = {2012}
}



@article{flex2,
 author = {Kenny, K. B. and Lin, K. J.},
 title = {{Building Flexible Real-Time Sys. using the Flex Language}},
 journal = {ACM Computer},
 volume = {24},
 number = {5},
 pages = {70--78},
 year = {1991}
 }

@phdthesis{perfpoly,
 author = {Kenny, K. B.},
 title = {{Structuring Real-Time Systems using Performance Polymorphism}},
 year = {1990}
 }


% Speedup approaches - code perforation, 
@inproceedings{harmony,
 author = {Diamos, G. F. and Yalamanchili, S.},
 title = {{Harmony: an Execution Model and Runtime for Heterogeneous Many Core Systems}},
 booktitle = {Proc. High Perf. Distr. Comp.},
 pages = {197--200},
 year = {2008}
 }

@inproceedings{merge,
 author = {Linderman, M. D. and Collins, J. D. and Wang, H. and Meng, T. H.},
 title = {{Merge: a programming model for heterogeneous multi-core systems}},
 booktitle = {ASPLOS XIII},
 pages = {287--296},
 year = {2008}
 }

@inproceedings{petabricks,
  title     = "{PetaBricks: A Language and Compiler for Algorithmic Choice}",
  author    = "J. Ansel and et. al",
  booktitle = "ACM SIGPLAN Conf. Programming Language Design and Impl.",
  year      = "2009"
}

@inproceedings{loopperf,
  title     = "{Using Code Perforation to Improve Performance, Reduce Energy Consumption, and Respond to Failures}",
  author    = "M. Rinard and et. al",
  booktitle = "MIT Tech. Report MIT-CSAIL-TR-2009-042",
  year      = "2009"
}
@inproceedings{Harish2007,
 author = {Harish, Pawan and Narayanan, P. J.},
 title = "{Accelerating Large Graph Algorithms on the GPU using CUDA}",
 booktitle = {HiPC'07: Proc. Conf. on High Perf. Computing},
 year = {2007},
 pages = {197--208}
 }

@inproceedings{Martin2009,
 author = {Mart\'{\i}n, P. J. and Torres, R. and Gavilanes, A.},
 title = "{CUDA Solutions for the SSSP Problem}",
 booktitle = {Proc. Intl. Conf. on Computational Sc.},
 year = {2009},
 pages = {904--913}
 }

@inproceedings{kang,
 author = {Y. Zhou and KD Kang.},
 title = "{Deadline Assignment and Tardiness Control for Real-Time Data Services}",
 booktitle = {22nd Euromicro Conference on Real-Time Systems (ECRTS '10)},
 year = {2010}
 }
 

@inproceedings{traffic,
 author = {A. May},
 title = "{Traffic Flow Fundamentals}",
 booktitle = {Prentice Hall, NJ},
 year = {1990}
 }

@inproceedings{khalil,
author - {Khalil, H.K.},
title = "{Nonlinear Systems}",
booktitle = {Prentice Hall},
year = {2002}
}