% This file was created with JabRef 2.6.
% Encoding: Cp1252


@inproceedings{Dokhanchi14_OnlineMonitoring,
	author = {Dokhanchi, Adel and Hoxha, Bardh and Fainekos, Georgios},
	title = {Online Monitoring for Temporal Logic Robustness},
	booktitle = {Proceedings of RV},
	year = {2014},
} 

@book{MallatBook,
	Author = {St\'{e}phane Georges Mallat},
	Publisher = {Academic Press},
	Title = {A Wavelet Tour of Signal Processing, Third Edition: The Sparse Way},
	Year = {2008}}

@ARTICLE{Cortes08_Discontinuous, 
	author={J. Cortes}, 
	journal={IEEE Control Systems}, 
	title={Discontinuous dynamical systems}, 
	year={2008}, 
	volume={28}, 
	number={3}, 
	pages={36-73}, 
	keywords={Lyapunov methods;asymptotic stability;differential equations;gradient methods;sampled data systems;Lipschitzness property;candidate Lyapunov function;discontinuous dynamical system;gradient information;non smooth analysis;nonsmooth asymptotic stability tool;ordinary differential equation;Adaptive control;Control systems;Cooling;Open loop systems;Optimal control;Robots;Sliding mode control;State-space methods;Switches;Temperature control}, 
	doi={10.1109/MCS.2008.919306}, 
	ISSN={1066-033X}, 
	month={June},
	}


@book{Polak97_Optim,
	author = {Polak, Elijah},
	title = {Optimization: Algorithms and Consistent Approximations},
	year = {1997},
	isbn = {0-387-94971-2},
	publisher = {Springer-Verlag New York, Inc.},
	address = {New York, NY, USA},
} 
